
@article{jones_prevalence_2014,
	title = {The prevalence and incidence of dementia with {Lewy} bodies: a systematic review of population and clinical studies},
	volume = {44},
	issn = {0033-2917, 1469-8978},
	shorttitle = {The prevalence and incidence of dementia with {Lewy} bodies},
	doi = {10.1017/S0033291713000494},
	language = {en},
	number = {4},
	journal = {Psychological Medicine},
	author = {Jones, S. A. Vann and O'Brien, J. T.},
	month = mar,
	year = {2014},
	note = {Publisher: Cambridge University Press},
	pages = {673--683},
}

@article{williams_survival_2006,
	title = {Survival and mortality differences between dementia with {Lewy} bodies vs {Alzheimer} disease},
	volume = {67},
	issn = {1526-632X},
	doi = {10.1212/01.wnl.0000247041.63081.98},
	language = {eng},
	number = {11},
	journal = {Neurology},
	author = {Williams, Monique M. and Xiong, Chengjie and Morris, John C. and Galvin, James E.},
	month = dec,
	year = {2006},
	pmid = {17159097},
	pages = {1935--1941},
}

@article{bostrom_patients_2007,
	title = {Patients with {Lewy} body dementia use more resources than those with {Alzheimer}'s disease},
	volume = {22},
	issn = {0885-6230},
	doi = {10.1002/gps.1738},
	language = {eng},
	number = {8},
	journal = {International Journal of Geriatric Psychiatry},
	author = {Boström, Fredrik and Jönsson, Linus and Minthon, Lennart and Londos, Elisabet},
	month = aug,
	year = {2007},
	pmid = {17195278},
	pages = {713--719},
}

@article{zweig_lewy_2014,
	title = {Lewy body dementia: the impact on patients and caregivers},
	volume = {6},
	issn = {1758-9193},
	shorttitle = {Lewy body dementia},
	url = {https://doi.org/10.1186/alzrt251},
	doi = {10.1186/alzrt251},
	number = {2},
	urldate = {2023-02-07},
	journal = {Alzheimer's Research \& Therapy},
	author = {Zweig, Yael R. and Galvin, James E.},
	month = apr,
	year = {2014},
	pages = {21},
}

@article{ricci_clinical_2009,
	title = {Clinical findings, functional abilities and caregiver distress in the early stage of dementia with {Lewy} bodies ({DLB}) and {Alzheimer}'s disease ({AD})},
	volume = {49},
	issn = {1872-6976},
	doi = {10.1016/j.archger.2008.10.001},
	language = {eng},
	number = {2},
	journal = {Archives of Gerontology and Geriatrics},
	author = {Ricci, Monica and Guidoni, Silvia Vittoria and Sepe-Monti, Micaela and Bomboi, Giuseppe and Antonini, Giovanni and Blundo, Carlo and Giubilei, Franco},
	year = {2009},
	pmid = {19084284},
	pages = {e101--e104},
}


@article{kane_clinical_2018,
	title = {Clinical prevalence of {Lewy} body dementia},
	volume = {10},
	issn = {1758-9193},
	url = {https://doi.org/10.1186/s13195-018-0350-6},
	doi = {10.1186/s13195-018-0350-6},
	language = {en},
	number = {1},
	urldate = {2023-02-07},
	journal = {Alzheimer's Research \& Therapy},
	author = {Kane, Joseph P. M. and Surendranathan, Ajenthan and Bentley, Allison and Barker, Sally A. H. and Taylor, John-Paul and Thomas, Alan J. and Allan, Louise M. and McNally, Richard J. and James, Peter W. and McKeith, Ian G. and Burn, David J. and O’Brien, John T.},
	month = feb,
	year = {2018},
	pages = {19},
}


@article{allen_nihr,
	title = {Using simulation and machine learning to maximise the benefit of intravenous thrombolysis in acute stroke in {England} and {Wales}: the {SAMueL} modelling and qualitative study},
	volume = {10},
	shorttitle = {Using simulation and machine learning to maximise the benefit of intravenous thrombolysis in acute stroke in {England} and {Wales}},
	url = {https://www.journalslibrary.nihr.ac.uk/hsdr/GVZL5699/},
	doi = {10.3310/GVZL5699},
	language = {EN},
	number = {31},
	urldate = {2022-10-25},
	journal = {Health and Social Care Delivery Research},
	author = {Allen, Michael and James, Charlotte and Frost, Julia and Liabo, Kristin and Pearn, Kerry and Monks, Thomas and Zhelev, Zhivko and Logan, Stuart and Everson, Richard and James, Martin and Stein, Ken},
	month = oct,
	year = {2022},
	pages = {1--148},
}

@article{allen_stoke,
	title = {Use of {Clinical} {Pathway} {Simulation} and {Machine} {Learning} to {Identify} {Key} {Levers} for {Maximizing} the {Benefit} of {Intravenous} {Thrombolysis} in {Acute} {Stroke}},
	volume = {53},
	url = {https://www.ahajournals.org/doi/10.1161/STROKEAHA.121.038454},
	doi = {10.1161/STROKEAHA.121.038454},
	urldate = {2022-07-15},
	journal = {Stroke},
	author = {Allen, Michael and James, Charlotte and Frost, Julia and Liabo, Kristin and Pearn, Kerry and Monks, Thomas and Everson, Richard and Stein, Ken and James, Martin},
	year = {2022},
	note = {Publisher: American Heart Association},
	pages = {2758--2767},
}

@article{chawla_smote_2002,
	title = {{SMOTE}: synthetic minority over-sampling technique},
	volume = {16},
	issn = {1076-9757},
	shorttitle = {{SMOTE}},
	number = {1},
	journal = {Journal of Artificial Intelligence Research},
	author = {Chawla, Nitesh V. and Bowyer, Kevin W. and Hall, Lawrence O. and Kegelmeyer, W. Philip},
	month = jun,
	year = {2002},
	pages = {321--357},
}

@inproceedings{lundberg_unified_2017,
	title = {A {Unified} {Approach} to {Interpreting} {Model} {Predictions}},
	volume = {30},
	url = {https://proceedings.neurips.cc/paper/2017/hash/8a20a8621978632d76c43dfd28b67767-Abstract.html},
	urldate = {2022-06-17},
	booktitle = {Advances in {Neural} {Information} {Processing} {Systems}},
	publisher = {Curran Associates, Inc.},
	author = {Lundberg, Scott M and Lee, Su-In},
	year = {2017},
}